@article{Shi:2000:NCI:351581.351611,
 author = {Shi, Jianbo and Malik, Jitendra},
 title = {Normalized Cuts and Image Segmentation},
 journal = {IEEE Trans. Pattern Anal. Mach. Intell.},
 issue_date = {August 2000},
 volume = {22},
 number = {8},
 month = aug,
 year = {2000},
 issn = {0162-8828},
 pages = {888--905},
 numpages = {18},
 url = {https://doi.org/10.1109/34.868688},
 doi = {10.1109/34.868688},
 acmid = {351611},
 publisher = {IEEE Computer Society},
 address = {Washington, DC, USA},
 keywords = {Grouping, image segmentation, graph partitioning.},
}

@inproceedings{Shi:1998:MST:938978.939083,
 author = {Shi, Jianbo and Malik, Jitendra},
 title = {Motion Segmentation and Tracking Using Normalized  Cuts},
 booktitle = {Proceedings of the Sixth International Conference on Computer Vision},
 series = {ICCV '98},
 year = {1998},
 isbn = {81-7319-221-9},
 pages = {1154--},
 url = {http://dl.acm.org/citation.cfm?id=938978.939083},
 acmid = {939083},
 publisher = {IEEE Computer Society},
 address = {Washington, DC, USA},
}

@inproceedings{Shi:1997:NCI:794189.794502,
 author = {Shi, Jianbo and Malik, Jitendra},
 title = {Normalized Cuts and Image Segmentation},
 booktitle = {Proceedings of the 1997 Conference on Computer Vision and Pattern Recognition (CVPR '97)},
 series = {CVPR '97},
 year = {1997},
 isbn = {0-8186-7822-4},
 pages = {731--},
 url = {http://dl.acm.org/citation.cfm?id=794189.794502},
 acmid = {794502},
 publisher = {IEEE Computer Society},
 address = {Washington, DC, USA},
 keywords = {grouping, image segmentation, graph partitioning},
}
